%%Bibtex HRV data base%%

bibtexfile{
 	author = "Jesús Ángel Pérez Roca Fernández",
 	version = "1",
 	date = "20 de Enero de 2008",
 	filename = "Bibliografia.bib"
	}
	
@misc{HRV:Bellas,
	title={Apuntes de la asignatura Integración de Sistemas},
	author={Bellas Permuy, Fernando},
	year={2006},
  note={\url{http://www.tic.udc.es/~fbellas/teaching/is/index.html}}
	}
	
@misc{HRV:Luaces,
	title={Apuntes de la asignatura Bases de Datos 3},
	author={Rodríguez Luaces, Miguel Ángel},
	year={2006}
	}

@Book{HRV:Patrones,
	author={Gamma, E. and Helm, R. and Johnson, R. and Vlissides, J.},
	title={Patrones de Diseño},
	publisher={Addison-Wesley},
	year={2003}
	}
	
@Book{HRV:JSP,
	author={Falkner, J. and Jones, K. and et al.},
	title={JavaServer Pages: The J2EE Technology Web Tier},
	publisher={Addison-Wesley},
	year={2003}
	}
	
@Book{HRV:UML,
	author={Rumbaugh, J. and Jacobson, I. and Booch, G.},
	title={The Unified Modeling Language},
	publisher={Addison-Wesley},
	year={1999}
	}
	
@misc{HRV:Cropper,
	title={Javascript Image Cropper},
	howpublished={Página web},
	note={\url{http://www.defusion.org.uk/code/javascript-image-cropper-ui-using-prototype-scriptaculous/}}
	}
	
@misc{HRV:WMSMap,
	title={WMS Javascript Library},
	howpublished={Página web},
	note={\url{http://wms-map.sourceforge.net/}}
	}
	
@misc{HRV:TinyMCE,
	title={TinyMCE},
	howpublished={Página web},
	note={\url{http://tinymce.moxiecode.com/}
	}

@misc{HRV:AJAX,
	title={AJAX},
	howpublished={Página web},
	note={\url{http://www.uberbin.net/archivos/internet/ajax-un-nuevo-acercamiento-a-aplicaciones-web.php}}
	}
	
@misc{HRV:Javascript,
	title={Programación en Javascript. Desarrollo Web},
	howpublished={Página web},
	note={\url{http://www.desarrolloweb.com/manuales/26/}}
	}
	
@misc{HRV:Struts,
	title={Apache Software Foundation},
	howpublished={Página web},
	note={\url{http://struts.apache.org/}}
	}
	
@misc{HRV:JavaSun,
	title={Java Technology. Sun Microsystems},
	howpublished={Página web},
	note={\url{http://www.java.sun.com/}}
	}
	
@misc{HRV:JBoss,
	title={JBoss},
	howpublished={Página web},
	note={\url{http://www.jboss.org/}}
	}
	
@misc{HRV:JUnit,
	title={JUnit},
	howpublished={Página web},
	note={\url{http://www.junit.org/}}
	}
